@misc{subway_epidemic_seed,
  title = {The Subways Seeded the Massive Coronavirus Epidemic in New York City},
  author = {Jeffrey E. Harris},
  note  =  {\url{http://web.mit.edu/jeffrey/harris/HarrisJE_WP2_COVID19_NYC_24-Apr-2020.pdf}},
  note = {Accessed: 5-10-2020},
}
@article{cooley_brown, title={The Role of Subway Travel in an Influenza Epidemic: A New York City Simulation}, volume={88}, DOI={10.1007/s11524-011-9603-4}, number={5}, journal={Journal of Urban Health}, author={Cooley, Philip and Brown, Shawn and Cajka, James and Chasteen, Bernadette and Ganapathi, Laxminarayana and Grefenstette, John and Hollingsworth, Craig R. and Lee, Bruce Y. and Levine, Burton and Wheaton, William D. and et al.}, year={2011}, month={Sep}, pages={982â€“995}}